<?xml version="1.0" encoding="UTF-8"?><collection><record><leader>06516ntm a2200805 a 4500</leader><controlfield tag="001">006825687</controlfield><controlfield tag="003">MiAaHDL</controlfield><controlfield tag="005">20190719000000.0</controlfield><controlfield tag="006">m        d        </controlfield><controlfield tag="007">cr bn ---auaua</controlfield><controlfield tag="008">090626s1937    xx            00| ||ara d</controlfield><datafield tag="035" ind1=" " ind2=" "><subfield code="a">(MiU)006825687</subfield></datafield><datafield tag="035" ind1=" " ind2=" "><subfield code="a">sdr-miu006825687</subfield></datafield><datafield tag="040" ind1=" " ind2=" "><subfield code="a">MiU</subfield><subfield code="c">MiU</subfield><subfield code="e">amremm</subfield></datafield><datafield tag="043" ind1=" " ind2=" "><subfield code="a">n-us-mi</subfield></datafield><datafield tag="100" ind1="0" ind2=" "><subfield code="6">880-01</subfield><subfield code="a">Averroës,</subfield><subfield code="d">1126-1198.</subfield></datafield><datafield tag="245" ind1="1" ind2="0"><subfield code="6">880-02</subfield><subfield code="a">[Talkhīṣ kutub Arisṭāṭālīs fī al-ḥikmah al-ṭabīʻīyah ...etc.,</subfield><subfield code="f">1356, i.e. 1937].</subfield></datafield><datafield tag="246" ind1="3" ind2=" "><subfield code="a">جوامع كتب أرسطو في العلم الطبيعي</subfield></datafield><datafield tag="246" ind1="3" ind2="8"><subfield code="a">تلخيص فلسفة ارسطو الاندلسي</subfield></datafield><datafield tag="246" ind1="3" ind2=" "><subfield code="6">880-03</subfield><subfield code="a">Talkhīṣ al-samāʻ al-ṭabīʻī</subfield></datafield><datafield tag="246" ind1="3" ind2=" "><subfield code="i">Title from inscription in pencil on 'title page' (p.1):</subfield><subfield code="a">تلخيص فلسفة اورسطو</subfield></datafield><datafield tag="260" ind1=" " ind2=" "><subfield code="c">[1937].</subfield></datafield><datafield tag="300" ind1=" " ind2=" "><subfield code="a">212 leaves :</subfield><subfield code="b">paper ;</subfield><subfield code="c">310 x 210 mm. bound to 321 x 220 mm.</subfield></datafield><datafield tag="500" ind1=" " ind2=" "><subfield code="a">Shelfmark: Ann Arbor, University of Michigan, Special Collections Library, Isl. Ms. 926</subfield></datafield><datafield tag="500" ind1=" " ind2=" "><subfield code="a">Origin: As appears in colophon on p.422, transcription completed 19 Rabīʻ I 1356, corresponding to 29 May 1937 and 21 Bashans 1653. Likely copied in Egypt in the late 1930s and eventually bound for James Heyworth-Dunne (d.1974).</subfield></datafield><datafield tag="500" ind1=" " ind2=" "><subfield code="a">Former shelfmark: Mich. Isl. Ms. temp. no. 75</subfield></datafield><datafield tag="500" ind1=" " ind2=" "><subfield code="a">Binding: Boards covered in dark green cloth with dark green leather over spine (quarter binding) ; pastedowns and flyleaves in wove paper printed with a floral vegetal pattern in green ; spine gold-stamped with title and decorative accents over raised bands "تلخيص | فلسفة ارسطو | الاندلسي | J.H.D." ; sewing difficult to examine ; stuck-on endbands (blue and white stripe) ; overall in fairly good condition.</subfield></datafield><datafield tag="500" ind1=" " ind2=" "><subfield code="a">Support: Lined / ruled wove paper.</subfield></datafield><datafield tag="500" ind1=" " ind2=" "><subfield code="a">Script: Ruqʻah ; compact hand, initially carefully executed in a bold line, later much quicker in a finer line ; serifless and freely ligatured with slight effect of inclination toward the right, pointing somewhat careless and in strokes rather than distinct dots.</subfield></datafield><datafield tag="500" ind1=" " ind2=" "><subfield code="a">Layout: Written in 22-26 lines per page.</subfield></datafield><datafield tag="500" ind1=" " ind2=" "><subfield code="a">Collation: Pages between some sections left blank (see pp.14, 24, 42, 44, 67) ; pagination in pencil, Western numerals, supplied during digitization (mistakenly repeats pp.90-91).</subfield></datafield><datafield tag="500" ind1=" " ind2=" "><subfield code="a">Colophon: "Scribal," reads "وكان نسخ هذا الشرح في هذه النسخة واقعا في يوم السبت الموافق ١٩ من شهر ربيع الاول ١٣٥٦ والمطابق للتاسع والعشرين من شهر مايو ١٩٣٧ والمصادف للحادي والعشرين من شهر بشنس والحمد لله وحده اولا واخرا وبدأ واختتاما"</subfield></datafield><datafield tag="500" ind1=" " ind2=" "><subfield code="a">Title from heading at opening on p.2.</subfield></datafield><datafield tag="500" ind1=" " ind2=" "><subfield code="a">Ms. codex.</subfield></datafield><datafield tag="505" ind1="0" ind2=" "><subfield code="a">6. p.175-p.422 : Kashf al-wujūh al-ghurr li-maʻānī Naẓm al-durr / ʻAbd al-Razzāq al-Qāshānī.</subfield></datafield><datafield tag="505" ind1="0" ind2=" "><subfield code="a">5. p.175 : Min al-Tāʼīyah al-kubrá / Ibn al-Fāriḍ.</subfield></datafield><datafield tag="505" ind1="0" ind2=" "><subfield code="a">4. p.167-p.175 : Talkhīṣ Ibn Rushd li-Kitāb al-khiṭābah al-Arisṭī / Ibn Rushd.</subfield></datafield><datafield tag="505" ind1="0" ind2=" "><subfield code="a">3. p.43-166 : Kitāb mā baʻda al-ṭabīʻah wa-huwa al-qism al-rābiʻ min Talkhīṣ maqālāt Arīsṭū / Abū al-Walīd Muḥammad ibn Aḥmad ibn Muḥammad Ibn Rushd al-Andulusī.</subfield></datafield><datafield tag="505" ind1="0" ind2=" "><subfield code="a">2. p.42 : [blank].</subfield></datafield><datafield tag="505" ind1="0" ind2=" "><subfield code="a">1. p.1-p.41 : Talkhīṣ kutub Arisṭāṭālīs fī al-ḥikmah al-ṭabīʻīyah / Ibn Rushd.</subfield></datafield><datafield tag="510" ind1="4" ind2=" "><subfield code="a">Brockelmann, C. GAL,</subfield><subfield code="c">I 262 ; S I 462 ff.</subfield></datafield><datafield tag="510" ind1="4" ind2=" "><subfield code="a">Brockelmann, C. GAL,</subfield><subfield code="c">S I 833 ff.</subfield></datafield><datafield tag="520" ind1="8" ind2=" "><subfield code="a">Careful copy of a collection (majmūʻah) of works beginning with Ibn Rushd's (Abū al-Walīd Muḥammad ibn Aḥmad, al-Ḥafīd, known in the West as Averroës) celebrated shorter commentaries on Aristotle's treatises on the natural sciences, as well as his Metaphysics and Rhetoric, followed by the commentary by ʻAbd al-Qādir al-Qāshānī (d.1330) [also attributed to ʻIzz al-Dīn Maḥmūd al-Kāshī (d.1334 or 5), see GAL S I 464] on Ibn al-Fāriḍ's celebrated Ṣūfī poem in tāʼ, Naẓm al-sulūk or al-Tāʼīyah al-kubrá. Contribution to the cataloguing from Tzvi Langermann.</subfield></datafield><datafield tag="538" ind1=" " ind2=" "><subfield code="a">Mode of access: Internet.</subfield></datafield><datafield tag="541" ind1=" " ind2=" "><subfield code="a">Acquired in the Fall of 1950.</subfield></datafield><datafield tag="546" ind1=" " ind2=" "><subfield code="a">Arabic.</subfield></datafield><datafield tag="561" ind1=" " ind2=" "><subfield code="a">On upper pastedown label with ex libris of James Heyworth-Dunne (d.1974), stamped with inventory number, "Ex Libris | J. Heyworth-Dunne | D. Lit. (London) | No 7967" ; UM Library inscription on p.3 "Dunning | Heyworth-Dunne | 6-11-51 | 71955" ; possible former inventory mark in pencil on verso of final leaf (p.422) "231 / 53" ; numerous marginal glosses in black ink.</subfield></datafield><datafield tag="600" ind1="1" ind2="0"><subfield code="a">Ibn al-Fāriḍ, ʻUmar ibn ʻAlī,</subfield><subfield code="d">1181 or 1182-1235.</subfield><subfield code="t">Naẓm al-sulūk.</subfield></datafield><datafield tag="600" ind1="0" ind2="0"><subfield code="a">Aristotle.</subfield><subfield code="t">Rhetoric.</subfield></datafield><datafield tag="600" ind1="0" ind2="0"><subfield code="a">Aristotle.</subfield><subfield code="t">Metaphysics.</subfield></datafield><datafield tag="600" ind1="0" ind2="0"><subfield code="a">Aristotle.</subfield><subfield code="t">De caelo.</subfield></datafield><datafield tag="600" ind1="0" ind2="0"><subfield code="a">Aristotle.</subfield><subfield code="t">Physics.</subfield></datafield><datafield tag="650" ind1=" " ind2="0"><subfield code="a">Manuscripts, Arabic</subfield><subfield code="z">Michigan</subfield><subfield code="z">Ann Arbor.</subfield></datafield><datafield tag="650" ind1=" " ind2="0"><subfield code="a">Islam</subfield><subfield code="x">Doctrines</subfield><subfield code="v">Early works to 1800.</subfield></datafield><datafield tag="650" ind1=" " ind2="0"><subfield code="a">Sufi poetry, Arabic</subfield><subfield code="v">Early works to 1800.</subfield></datafield><datafield tag="700" ind1="1" ind2=" "><subfield code="a">Heyworth-Dunne, J.</subfield><subfield code="q">(James),</subfield><subfield code="e">former owner.</subfield></datafield><datafield tag="700" ind1="0" ind2="2"><subfield code="6">880-07</subfield><subfield code="a">ʻAbd al-Razzāq al-Qāshānī,</subfield><subfield code="d">-1330?</subfield><subfield code="t">Kashf wujūh al-ghurr li-maʻānī Naẓm al-durr.</subfield></datafield><datafield tag="700" ind1="0" ind2="2"><subfield code="6">880-06</subfield><subfield code="a">Averroës,</subfield><subfield code="d">1126-1198.</subfield><subfield code="t">Talkhīṣ al-Khaṭābah.</subfield></datafield><datafield tag="700" ind1="0" ind2="2"><subfield code="6">880-05</subfield><subfield code="a">Averroës,</subfield><subfield code="d">1126-1198.</subfield><subfield code="t">Talkhīṣ mā baʻda al-ṭabīʻah.</subfield></datafield><datafield tag="700" ind1="0" ind2="2"><subfield code="6">880-04</subfield><subfield code="a">Averroës,</subfield><subfield code="d">1126-1198.</subfield><subfield code="t">Talkhīṣ al-samāʾ wa-al-ʻālam.</subfield></datafield><datafield tag="740" ind1="0" ind2="2"><subfield code="a">سرح التائية الكبرى</subfield></datafield><datafield tag="740" ind1="0" ind2="2"><subfield code="a">كتاب ما بعد الطبيعة وهو القسم الرابع من تلخيص مقالات اريسطو</subfield></datafield><datafield tag="773" ind1="0" ind2=" "><subfield code="a">Heyworth-Dunne Collection.</subfield></datafield><datafield tag="880" ind1="1" ind2="2"><subfield code="6">700-07/</subfield><subfield code="a">عبد الرزاق القاشاني.</subfield><subfield code="t">كشف وجوه الغر لمعاني نظم الدر.</subfield></datafield><datafield tag="880" ind1="0" ind2="2"><subfield code="6">700-06/</subfield><subfield code="a">ابن رشد.</subfield><subfield code="t">تلخيص الخطابة.</subfield></datafield><datafield tag="880" ind1="0" ind2="2"><subfield code="6">700-05/</subfield><subfield code="a">ابن رشد.</subfield><subfield code="t">تلخيص ما بعد الطبيعة.</subfield></datafield><datafield tag="880" ind1="0" ind2="2"><subfield code="6">700-04/</subfield><subfield code="a">ابن رشد.</subfield><subfield code="t">تلخيص السماع والعالم.</subfield></datafield><datafield tag="880" ind1="3" ind2=" "><subfield code="6">246-03/</subfield><subfield code="a">تلخيص السماع الطبيعي</subfield></datafield><datafield tag="880" ind1="1" ind2="0"><subfield code="6">245-02/</subfield><subfield code="a">[تلخيص كتب ارسطاطاليس في الحكمة الطبيعية ...الخ,</subfield><subfield code="f">1356ه، 1937م].</subfield></datafield><datafield tag="880" ind1="0" ind2=" "><subfield code="6">100-01/</subfield><subfield code="a">ابن رشد.</subfield></datafield><datafield tag="CID" ind1=" " ind2=" "><subfield code="a">006825687</subfield></datafield><datafield tag="DAT" ind1="0" ind2=" "><subfield code="a">20190719102640.0</subfield><subfield code="b">20190719000000.0</subfield></datafield><datafield tag="DAT" ind1="1" ind2=" "><subfield code="a">20190719090653.0</subfield><subfield code="b">2019-07-19T16:11:03Z</subfield></datafield><datafield tag="DAT" ind1="2" ind2=" "><subfield code="a">2015-10-02T18:00:03Z</subfield></datafield><datafield tag="CAT" ind1=" " ind2=" "><subfield code="a">SDR-MIU</subfield><subfield code="d">EX LIBRIS - ALEPH</subfield><subfield code="l">prepare.pl-004-008</subfield></datafield><datafield tag="FMT" ind1=" " ind2=" "><subfield code="a">BK</subfield></datafield><datafield tag="HOL" ind1=" " ind2=" "><subfield code="0">sdr-miu006825687</subfield><subfield code="a">MiU</subfield><subfield code="b">SDR</subfield><subfield code="c">MIU</subfield><subfield code="p">mdp.39015079131077</subfield><subfield code="s">MIU</subfield><subfield code="1">006825687</subfield></datafield><datafield tag="974" ind1=" " ind2=" "><subfield code="b">MIU</subfield><subfield code="c">MIU</subfield><subfield code="d">20190719</subfield><subfield code="s">lit-dlps-dc</subfield><subfield code="u">mdp.39015079131077</subfield><subfield code="y">1937</subfield><subfield code="r">ic-world</subfield><subfield code="q">man</subfield></datafield></record></collection>